1-<https://www.whitehouse.gov/cea/written-materials/2022/07/12/excess-mortality-during-the-pandemic-the-role-of-health-insurance/>

2-<https://www.nationalacademies.org/news/2021/03/death-rates-rising-among-middle-aged-and-younger-americans-report-recommends-urgent-national-response>

3-<https://www.mana.md/why-is-the-death-rate-rising/>

4-[https://www.thelancet.com/article/S0140-6736(21)02796-3/fulltext](https://www.thelancet.com/article/S0140-6736(21)02796-3/fulltext)
